<record><leader>00000cas a22000007a 4500</leader><controlfield tag="001">11512381</controlfield><controlfield tag="008">841219d18941926wiudn ne      0   a0eng d</controlfield><datafield ind1=" " ind2=" " tag="010"><subfield code="a">sn 84025019 </subfield></datafield><datafield ind1=" " ind2=" " tag="040"><subfield code="a">NPV</subfield><subfield code="b">eng</subfield><subfield code="c">NPV</subfield><subfield code="d">OCLCQ</subfield></datafield><datafield ind1=" " ind2=" " tag="042"><subfield code="a">msc</subfield></datafield><datafield ind1="0" ind2=" " tag="130"><subfield code="a">Chippewa herald (Chippewa Falls, Wis. : 1894 : Daily ed.)</subfield></datafield><datafield ind1="1" ind2="4" tag="245"><subfield code="a">The Chippewa herald.</subfield></datafield><datafield ind1=" " ind2=" " tag="260"><subfield code="a">Chippewa Falls, Wis. :</subfield><subfield code="b">Herald Print. Co.,</subfield><subfield code="c">-1926.</subfield></datafield><datafield ind1=" " ind2=" " tag="300"><subfield code="a">v.</subfield></datafield><datafield ind1=" " ind2=" " tag="310"><subfield code="a">Daily (except Sun.)</subfield></datafield><datafield ind1="0" ind2=" " tag="362"><subfield code="a">-v. 33 (Dec. 4, 1926).</subfield></datafield><datafield ind1="1" ind2=" " tag="362"><subfield code="a">Began with June 25, 1894 issue?</subfield></datafield><datafield ind1=" " ind2=" " tag="500"><subfield code="a">"The oldest newspaper published in Chippewa County."</subfield></datafield><datafield ind1=" " ind2=" " tag="515"><subfield code="a">Number designation is eventually dropped.</subfield></datafield><datafield ind1=" " ind2=" " tag="588"><subfield code="a">Description based on: [vol. 1, no.] 4 (June 28, 1894).</subfield></datafield><datafield ind1=" " ind2=" " tag="752"><subfield code="a">United States</subfield><subfield code="b">Wisconsin</subfield><subfield code="c">Chippewa</subfield><subfield code="d">Chippewa Falls.</subfield></datafield><datafield ind1="0" ind2="7" tag="785"><subfield code="t">Chippewa telegram</subfield><subfield code="w">(DLC)sn 84025021</subfield></datafield><datafield ind1="0" ind2="7" tag="785"><subfield code="t">Chippewa herald-telegram</subfield><subfield code="w">(DLC)sn 84025020</subfield></datafield></record>